<?xml version="1.0" encoding="UTF-8"?><collection xmlns="http://www.loc.gov/MARC21/slim"><record><leader>00474nam--2200181-u-4500</leader><controlfield tag="001">000055984</controlfield><controlfield tag="002">20161230</controlfield><controlfield tag="005">20161230201052</controlfield><controlfield tag="008">131128s1000------------r-----000-0-rus-d</controlfield><datafield ind1=" " ind2=" " tag="040"><subfield code="a">IFIN-HH</subfield></datafield><datafield ind1=" " ind2=" " tag="041"><subfield code="a">rus</subfield></datafield><datafield ind1=" " ind2=" " tag="080"><subfield code="a">621.396</subfield></datafield><datafield ind1="1" ind2=" " tag="100"><subfield code="a">Stratonovici, P.L</subfield></datafield><datafield ind1="1" ind2="0" tag="245"><subfield code="a">Izbrannie voprosi teorii fliuktuatii vradinotehnike</subfield><subfield code="c">P.l. stratonovici</subfield></datafield><datafield ind1=" " ind2=" " tag="260"><subfield code="a">Moskva</subfield><subfield code="b">Sovetskoe Radio</subfield><subfield code="c">1961</subfield></datafield><datafield ind1=" " ind2=" " tag="300"><subfield code="a">558P</subfield></datafield><datafield ind1=" " ind2=" " tag="852"><subfield code="a">76078</subfield><subfield code="c">621.396</subfield></datafield><datafield ind1=" " ind2=" " tag="CAT"><subfield code="a">Sys</subfield><subfield code="c">20131128</subfield><subfield code="h">155832</subfield></datafield></record></collection>